@article{barnhart1998branch,
  title={Branch-and-price: Column generation for solving huge integer programs},
  author={Barnhart, Cynthia and Johnson, Ellis L and Nemhauser, George L and Savelsbergh, Martin WP and Vance, Pamela H},
  journal={Operations research},
  volume={46},
  number={3},
  pages={316--329},
  year={1998},
  publisher={INFORMS}
}

@book{boyd2004convex,
	title={Convex optimization},
	author={Boyd, Stephen and Boyd, Stephen P and Vandenberghe, Lieven},
	year={2004},
	publisher={Cambridge university press}
}